@article{bai2008,
author = {Bai, C.},
title = {Left-symmetric bialgebras and and analogue of the classical yang-baxter equation
},
journal = {Communications in Contemporary Mathematics},
volume = {10},
number = {02},
pages = {221-260},
year = {2008},
}

@article{nicolescu1978,
author ={Nicolescu, L. Martin, M.},
title = {Left-symmetric bialgebras and and analogue of the classical yang-baxter equation
},
journal = {Sur l'algèbre associée à un champ tensoriel du type (1,2)},
number = {31},
pages = {27-35},
year = {1978},
}

@article{Boyom2002,
  title={The cohomology of Koszul-Vinberg algebras},
  author={Michel Nguiffo Boyom},
  journal={Pacific Journal of Mathematics},
  year={2002},
  volume={225},
  pages={119-153},
  url={https://api.semanticscholar.org/CorpusID:2943414}
}


